<record><leader>00000cas a22000007a 4500</leader><controlfield tag="001">11059013</controlfield><controlfield tag="008">840816d19141971akuqr ne      0    0eng d</controlfield><datafield ind1=" " ind2=" " tag="010"><subfield code="a">sn 94050024 </subfield></datafield><datafield ind1=" " ind2=" " tag="040"><subfield code="a">NMF</subfield><subfield code="b">eng</subfield><subfield code="c">NMF</subfield><subfield code="d">ANE</subfield><subfield code="d">WAU</subfield><subfield code="d">UAF</subfield><subfield code="d">OCLCQ</subfield><subfield code="d">OCLCF</subfield><subfield code="d">OCLCO</subfield></datafield><datafield ind1="1" ind2=" " tag="029"><subfield code="a">AU@</subfield><subfield code="b">000021574333</subfield></datafield><datafield ind1=" " ind2=" " tag="042"><subfield code="a">msc</subfield></datafield><datafield ind1=" " ind2=" " tag="043"><subfield code="a">n-us-ak</subfield></datafield><datafield ind1="0" ind2="4" tag="245"><subfield code="a">The Verstovian.</subfield></datafield><datafield ind1=" " ind2=" " tag="260"><subfield code="a">Sitka, Alaska :</subfield><subfield code="b">Sheldon Jackson School,</subfield><subfield code="c">1914-1971.</subfield></datafield><datafield ind1=" " ind2=" " tag="300"><subfield code="a">51 v.</subfield></datafield><datafield ind1=" " ind2=" " tag="310"><subfield code="a">Quarterly,</subfield><subfield code="b">Jan. 1954-Dec. 1971</subfield></datafield><datafield ind1=" " ind2=" " tag="321"><subfield code="a">Monthly (except June-Aug.),</subfield><subfield code="b">Oct. 1914-May 1953</subfield></datafield><datafield ind1="0" ind2=" " tag="362"><subfield code="a">Vol. 1, no. 1 (Oct. 1914)-v. 51, no. 2 (Dec. 1971).</subfield></datafield><datafield ind1=" " ind2="0" tag="650"><subfield code="a">Indians of North America</subfield><subfield code="z">Alaska</subfield><subfield code="v">Newspapers.</subfield></datafield><datafield ind1=" " ind2="0" tag="651"><subfield code="a">Sitka (Alaska)</subfield><subfield code="v">Newspapers.</subfield></datafield><datafield ind1=" " ind2="7" tag="655"><subfield code="a">Newspapers.</subfield><subfield code="2">fast</subfield><subfield code="0">(OCoLC)fst01423814</subfield></datafield><datafield ind1=" " ind2="7" tag="650"><subfield code="a">Indians of North America.</subfield><subfield code="2">fast</subfield><subfield code="0">(OCoLC)fst00969633</subfield></datafield><datafield ind1=" " ind2="7" tag="651"><subfield code="a">Alaska.</subfield><subfield code="2">fast</subfield><subfield code="0">(OCoLC)fst01204480</subfield></datafield><datafield ind1=" " ind2="7" tag="651"><subfield code="a">Alaska</subfield><subfield code="z">Sitka.</subfield><subfield code="2">fast</subfield><subfield code="0">(OCoLC)fst01218734</subfield></datafield><datafield ind1="2" ind2=" " tag="710"><subfield code="a">Sheldon Jackson School (Sitka, Alaska)</subfield></datafield><datafield ind1=" " ind2=" " tag="752"><subfield code="a">United States</subfield><subfield code="b">Alaska</subfield><subfield code="d">Sitka.</subfield></datafield><datafield ind1="0" ind2="0" tag="780"><subfield code="t">Thlinget</subfield><subfield code="w">(DLC)sn 94050023</subfield><subfield code="w">(OCoLC)19911015</subfield></datafield><datafield ind1="0" ind2="0" tag="785"><subfield code="t">SJC today</subfield></datafield></record>